Report Date,reportedCurrency_x,grossProfit,totalRevenue,costOfRevenue,costofGoodsAndServicesSold,operatingIncome,sellingGeneralAndAdministrative,researchAndDevelopment,operatingExpenses,investmentIncomeNet,netInterestIncome,interestIncome,interestExpense,nonInterestIncome,otherNonOperatingIncome,depreciation,depreciationAndAmortization,incomeBeforeTax,incomeTaxExpense,interestAndDebtExpense,netIncomeFromContinuingOperations,comprehensiveIncomeNetOfTax,ebit,ebitda,PeriodType_x,reportedCurrency_y,totalAssets,totalCurrentAssets,cashAndCashEquivalentsAtCarryingValue,cashAndShortTermInvestments,inventory,currentNetReceivables,totalNonCurrentAssets,propertyPlantEquipment,accumulatedDepreciationAmortizationPPE,intangibleAssets,intangibleAssetsExcludingGoodwill,goodwill,investments,longTermInvestments,shortTermInvestments,otherCurrentAssets,otherNonCurrentAssets,totalLiabilities,totalCurrentLiabilities,currentAccountsPayable,deferredRevenue,currentDebt,shortTermDebt,totalNonCurrentLiabilities,capitalLeaseObligations,longTermDebt,currentLongTermDebt,longTermDebtNoncurrent,shortLongTermDebtTotal,otherCurrentLiabilities,otherNonCurrentLiabilities,totalShareholderEquity,treasuryStock,retainedEarnings,commonStock,commonStockSharesOutstanding,PeriodType_y,reportedCurrency,operatingCashflow,paymentsForOperatingActivities,proceedsFromOperatingActivities,changeInOperatingLiabilities,changeInOperatingAssets,depreciationDepletionAndAmortization,capitalExpenditures,changeInReceivables,changeInInventory,profitLoss,cashflowFromInvestment,cashflowFromFinancing,proceedsFromRepaymentsOfShortTermDebt,paymentsForRepurchaseOfCommonStock,paymentsForRepurchaseOfEquity,paymentsForRepurchaseOfPreferredStock,dividendPayout,dividendPayoutCommonStock,dividendPayoutPreferredStock,proceedsFromIssuanceOfCommonStock,proceedsFromIssuanceOfLongTermDebtAndCapitalSecuritiesNet,proceedsFromIssuanceOfPreferredStock,proceedsFromRepurchaseOfEquity,proceedsFromSaleOfTreasuryStock,changeInCashAndCashEquivalents,changeInExchangeRate,PeriodType
2005-04-30,,210153000,583846000,373693000,373693000,76182000,43200000,85913000,133971000,,,,10000,,,,24897000,80555000,16111000,,0,,76182000,101079000,Quarterly,,1635094000,1319657000,281004000,281004000,307759000,255252000,315437000.0,169236000.0,,135523000,135523000,108107000,,,450508000,25134000,,404507000,375520000,182146000,,,345000.0,28987000.0,,,,,8578000.0,193029000,,1230587000,-72100000.0,636958000,173000,21659040000,Quarterly,,89579000,,,,,24897000,13504000,,7759000,,-4611000.0,-12476000,,,,,,,,,,,-48467000,,,,Quarterly
2005-07-31,,217375000,574812000,357437000,357437000,77593000,51683000,87113000,139782000,,,,2000,,,,24770000,82812000,8979000,,0,,77593000,102363000,Quarterly,,1728218000,1401915000,242170000,242170000,300955000,355393000,326303000.0,178951000.0,,131375000,131375000,108107000,,,475376000,28021000,,452985000,425498000,221047000,,,,27487000.0,,,,,,198867000,,1275233000,-122142000.0,711795000,174000,21700440000,Quarterly,,47347000,,,,,24770000,29185000,,6804000,,-55678000.0,-30503000,,,,,,,,,,,-50042000,,,,Quarterly
2005-10-31,,227995000,583415000,355420000,355420000,69572000,55400000,88829000,158423000,,,,1000,,,,24522000,75718000,11271000,,0,,69572000,94094000,Quarterly,,1805508000,1449976000,364308000,364308000,284847000,351737000,355532000.0,178505000.0,,152314000,152314000,133000000,,,421870000,27214000,,456067000,427167000,179777000,,,,28900000.0,,,,,,247390000,,1349441000,-162142000.0,777048000,178000,22000419800,Quarterly,,84099000,,,,,24522000,13466000,,16108000,,29205000.0,8834000,,,,,,,,,,,-40000000,,,,Quarterly
2006-01-31,,254940000,633614000,378674000,378674000,112342000,50800000,92435000,142598000,,,,60000,,,,23788000,116728000,18676000,,0,,112342000,136130000,Quarterly,,1915299000,1548932000,551756000,551756000,254792000,318186000,366367000.0,178152000.0,,160738000,160738000,145317000,,,398418000,25780000,,457543000,438659000,179395000,,,,18884000.0,,,,,,259264000,,1457756000,-212142000.0,875100000,180000,22312000000,Quarterly,,225383000,,,,,23788000,23445000,,30055000,,-10703000.0,-27232000,,,,,,,,,,,-50000000,,,,Quarterly
2006-04-30,,288757000,681807000,393050000,393050000,100685000,65668000,122404000,188072000,,,,1000,,,,24031000,109248000,18572000,,0,,100685000,124716000,Quarterly,,2161453000,1722627000,487763000,487763000,346366000,391270000,438826000.0,180206000.0,,22989000,22989000,204603000,,,467290000,29938000,,552802000,534386000,298147000,,,,18416000.0,,,,,,229434000,,1608651000,-262142000.0,965776000,371000,23422200000,Quarterly,,50396000,,,,,24031000,20667000,,-87958000,,-157514000.0,43125000,,,,,,,,,,,-50000000,,,,Quarterly
2006-07-31,,292100000,687500000,395400000,395400000,95800000,69100000,127300000,196300000,,,,6000,,,,24200000,104500000,17800000,,0,,95800000,120000000,Quarterly,,2184000000,1726000000,388000000,388000000,379000000,460000000,,177144000.0,,29000000,29000000,204000000,,,463000000,36825000,,529000000,505000000,230916000,,,,,,,,,,231937000,,1654548000,-387120000.0,927000000,373000,57840000000,Quarterly,,17900000,,,,,24200000,20111000,,-30357000,,,-102200000,,,,,,,,,,,-109200000,,,,Quarterly
2006-10-31,,333942000,820572000,486630000,486630000,117613000,69100000,140732000,216329000,,,,22000,,,,25031000,128327000,21816000,,0,,117613000,142644000,Quarterly,,2183829000,1726289000,388423000,388423000,378661000,459636000,457540000.0,220540000.0,,29428000,29428000,203657000,,,462744000,8816000,,529281000,505044000,230916000,,,340000.0,24237000.0,,,,,340000.0,272899000,,1654548000,-387120000.0,926548000,373000,23135340000,Quarterly,,289318000,,,,,25031000,28786000,,5775000,,3631000.0,60374000,,,,,,,,,,,-124978000,,,,Quarterly
2007-01-31,,385706000,878873000,493167000,493167000,138514000,84900000,162276000,247192000,,,,4000,,,,34292000,151559000,-11947000,,0,,138514000,172806000,Quarterly,,2675263000,2031770000,544414000,544414000,354680000,518680000,643493000.0,260828000.0,,45511000,45511000,301425000,,,573436000,40560000,,668344000,638807000,272075000,,,,29537000.0,,,,,,365552000,,2006919000,-487120000.0,1196565000,388000,23940000000,Quarterly,,230395000,,,,,34292000,75692000,,21145000,,-371909000.0,-55818000,,,,,,,,,,,-100000000,,,,Quarterly
2007-04-30,,380138000,844280000,464142000,464142000,141246000,80600000,158321000,238892000,,,,12500000,,,,31334000,153789000,21530000,,0,,141246000,172580000,Quarterly,,2800868000,2154233000,678951000,678951000,332635000,471519000,646635000.0,271190000.0,,50914000,50914000,291077000,,,628073000,43055000,,704974000,623867000,334046000,,,,81107000.0,,,,,,285435000,,2095894000,-612120000.0,1328824000,393000,23931960000,Quarterly,,295198000,,,,,31334000,26336000,,22840000,,-79772000.0,-80889000,,,,,,,,,,,-125000000,,,,Quarterly
2007-07-31,,423992000,935253000,511261000,511261000,184760000,81300000,157952000,239232000,,,,16100000,,,,31892000,200851000,28119000,,0,,184760000,216652000,Quarterly,,3036267000,2397405000,914745000,914745000,276305000,508435000,638862000.0,264832000.0,,54735000,54735000,293383000,,,656818000,41102000,,775989000,680798000,323381000,,,,95191000.0,,,,,,353833000,,2260278000,-736506000.0,1501556000,402000,24153180000,Quarterly,,342402000,,,,,31892000,41367000,,55649000,,-69179000.0,-37429000,,,,,,,,,,,-124386000,,,,Quarterly
2007-10-31,,515553000,1115597000,600044000,600044000,247841000,81280000,179529000,267712000,,,,19000000,,,,33030000,266799000,31138000,,0,,247841000,280871000,Quarterly,,3475263000,2756054000,1056702000,1056702000,306143000,552407000,719209000.0,322946000.0,,78173000,78173000,292934000,,,796251000,44551000,,997337000,856442000,449792000,,,,140895000.0,,,,,,402987000,,2477926000,-861547000.0,1737217000,615000,24519400000,Quarterly,,380125000,,,,,33030000,49703000,,-29899000,,-186449000.0,-51719000,,,,,,,,,,,-125041000,,,,Quarterly
2008-01-31,,549597000,1202730000,653133000,653133000,262499000,91263000,195835000,287098000,,,,54000,,,,36936000,279902000,22909000,,0,,262499000,299435000,Quarterly,,3747671000,2888829000,726969000,726969000,358521000,666494000,858842000.0,359808000.0,,106926000,106926000,354057000,,,1082509000,54336000,,1129759000,967161000,492099000,,,,162598000.0,,,,,,469206000,,2617912000,-1039632000.0,1994210000,619000,22198640000,Quarterly,,252471000,,,,,36936000,70339000,,-52280000,,-425918000.0,-156286000,,,,,,,,,,,-178085000,,,,Quarterly
2008-04-30,,514843000,1153388000,638545000,638545000,202979000,91263000,218830000,311864000,,,,54000,,,,41358000,213018000,36213000,,0,,202979000,244337000,Quarterly,,3807458000,2748993000,803308000,803308000,420126000,651800000,1058465000.0,522056000.0,,125001000,125001000,371019000,,,818331000,55428000,,1070280000,876552000,427855000,,,,193728000.0,,,,,,433989000,,2737178000,-1163528000.0,2171015000,623000,23679560000,Quarterly,,145245000,,,,,41358000,202173000,,-61149000,,24533000.0,-93439000,,,,,,,,,,,-123896000,,,,Quarterly
2008-07-31,,149917000,892676000,742759000,742759000,-155392000,92400000,212910000,305309000,,,,8800000,,,,46306000,-146600000,-25671000,,0,,-155392000,-109086000,Quarterly,,3960049000,2814219000,719143000,719143000,432279000,679416000,1145830000.0,599478000.0,,145148000,145148000,365800000,,,938087000,45294000,,1297134000,1135016000,438892000,,,,162118000.0,,,,,,685301000,,2662915000,-1163528000.0,2050086000,625000,22216680000,Quarterly,,80957000,,,,,46306000,53514000,,-11990000,,-174646000.0,9524000,,,,,,,,,,,9500000,,,,Quarterly
2008-10-31,,367843000,897655000,529812000,529812000,56796000,90300000,212360000,311047000,,,,4200000,,,,49304000,61003000,-745000,,0,,65134000,114438000,Quarterly,,3648898000,2480099000,461253000,461253000,523988000,607834000,1168799000.0,609674000.0,,155646000,155646000,366286000,,,843635000,43389000,,1161823000,1004465000,387252000,,,,157358000.0,,,,,,613182000,,2487075000,-1463268000.0,2111834000,629000,22581440000,Quarterly,,43003000,,,,,49304000,109008000,,-92015000,,-27902000.0,-272991000,,,,,,,,,,,-299740000,,,,Quarterly
2009-01-31,,141666000,481140000,339474000,339474000,-175083000,86400000,211779000,316749000,,,,406000,,,,48055000,-170375000,-22710000,,0,,-156553000,-108498000,Quarterly,,3350727000,2167958000,417688000,417688000,537834000,318435000,1182769000.0,625798000.0,,147101000,147101000,369844000,,,837702000,56299000,,956075000,778591000,218864000,,,,177484000.0,,25634000.0,,,25634000.0,559727000,,2394652000,-1463268000.0,1964169000,629000,21752280000,Quarterly,,-19845000,,,,,48055000,42975000,,-12141000,,-31352000.0,7632000,,,,,,,,,,,423636000,,,,Quarterly
2009-04-30,,189696000,664231000,474535000,474535000,-230965000,80600000,301797000,420661000,,,,6124000,,,,50658000,-224821000,-23483000,,0,,-230965000,-180307000,Quarterly,,3178704000,2020684000,512274000,512274000,327259000,304393000,1158020000.0,601053000.0,,142446000,142446000,369844000,,,825873000,50885000,,859828000,702172000,226114000,,,,157656000.0,,25351000.0,,,25351000.0,476058000,,2318876000,-1463268000.0,1762831000,636000,21692280000,Quarterly,,142128000,,,,,50658000,20777000,,211233000,,-8905000.0,-38637000,,,,,78297000.0,78297000.0,,,,,-78075000,,,,Quarterly
2009-07-31,,156723000,776520000,619797000,619797000,-110107000,74000000,192855000,266830000,,,,5779000,,,,49322000,-107101000,-1799000,,0,,-110107000,-60785000,Quarterly,,3298409000,2167905000,523785000,523785000,279216000,351960000,1130504000.0,582914000.0,,135678000,135678000,369844000,,,942320000,70624000,,1051000000,891321000,275978000,,,,159679000.0,,25060000.0,,,25060000.0,615343000,,2247409000,-1463268000.0,1657529000,638000,21865560000,Quarterly,,135117000,,,,,49322000,17656000,,45331000,,-131157000.0,7551000,,,,,0.0,0.0,,,,,7400000,,,,Quarterly
2009-10-31,,391783000,903206000,511423000,511423000,107845000,86000000,197948000,283938000,,,,5444000,,2362000.0,,48770000,110207000,2630000,,107577000,,107845000,156615000,Quarterly,,3463574000,2357716000,614490000,614490000,277643000,397820000,1105858000.0,565296000.0,,127817000,127817000,369844000,,,1019589000,1634079000,,1039939000,888806000,321530000,,,354034000.0,151133000.0,24760000.0,24760000.0,,,378794000.0,198133000,126373000.0,2423635000,-1463268000.0,1765106000,646000,22975240000,Quarterly,,141317000,,,,,48770000,16593000,,1165000,,-95497000.0,44885000,,,,,0.0,0.0,,,,,45100000,,,,Quarterly
2010-01-31,,438721000,982488000,543767000,543767000,134282000,88188000,216251000,304439000,,,,3320000,,,,47914000,139421000,8345000,,0,,154253000,202167000,Quarterly,,3585918000,2480830000,447221000,447221000,330674000,374963000,1105088000.0,571858000.0,,120458000,120458000,369844000,,,1281006000,46966000,,920778000,784378000,344527000,,,390277000.0,136400000.0,24450000.0,24450000.0,,,414727000.0,29950000,111950000.0,2665140000,-1463268000.0,1896182000,653000,22976000000,Quarterly,,69245000,,,,,47914000,22575000,,-53073000,,-283774000.0,47260000,,,,,77972000.0,77972000.0,,,,,78075000,,,,Quarterly
2010-04-30,,456377000,1001813000,545436000,545436000,147393000,90900000,218105000,308984000,,,,5571000,,3332000.0,,47147000,150725000,13131000,,137594000,,147393000,194540000,Quarterly,,3803030000,2726980000,447262000,447262000,388139000,529663000,1076050000.0,548916000.0,,115423000,115423000,369844000,,,1317634000,1764896000,,942385000,765293000,362740000,,,,177092000.0,24098000.0,24098000.0,,,24098000.0,402553000,152994000.0,2860645000,-1473655000.0,2033776000,663000,23639880000,Quarterly,,-5397000,,,,,47147000,17080000,-155011000.0,-56816000,,-57342000.0,62780000,,,,,0.0,0.0,,,,,63100000,,41000.0,,Quarterly
2010-07-31,,134292000,811208000,676916000,676916000,-175207000,98900000,210635000,309499000,,,,4805000,,6160000.0,,46573000,-169047000,-28086000,,-140961000,,-175207000,-128634000,Quarterly,,3731268000,2655962000,377003000,377003000,434227000,395934000,1075306000.0,542216000.0,,118879000,118879000,369844000,,,1395497000,1772500000,,970754000,819139000,280041000,,,,151615000.0,23734000.0,23734000.0,,,23734000.0,539098000,127881000.0,2760514000,-1473656000.0,1892815000,665000,22910560000,Quarterly,,34344000,,,,,46573000,37644000,133818000.0,-45962000,,-119101000.0,14498000,,,,,0.0,0.0,,,,,14800000,,-70259000.0,,Quarterly
2010-10-31,,392062000,843912000,451850000,451850000,103783000,83752000,204527000,288279000,,,,4220000,,-198000.0,,46876000,103585000,18723000,,84862000,,103783000,150659000,Quarterly,,3915579000,2807702000,451000000,451000000,377812000,399502000,1107877000.0,585672000.0,,112642000,112642000,369844000,,,1536046000,1987220000,,1017699000,816489000,324770000,,,,201210000.0,23359000.0,23359000.0,,,23359000.0,491719000,177851000.0,2897880000,-1479392000.0,1977677000,671000,23305920000,Quarterly,,212177000,,,,,46876000,21823000,-3374000.0,56032000,,-163984000.0,25978000,,,,,0.0,0.0,,,,,26279000,,74171000.0,,Quarterly
2011-01-31,,426359000,886376000,460017000,460017000,179778000,88000000,215563000,246581000,,,,3127000,,9255000.0,,46393000,185906000,14255000,,171651000,,198327000,244720000,Quarterly,,4495246000,3226950000,665361000,665361000,345525000,348770000,1268296000.0,568857000.0,,288745000,288745000,369844000,,,1825202000,42092000,,1313784000,942682000,286138000,,,336380000.0,371102000.0,23389000.0,23389000.0,,,359769000.0,71300000,347713000.0,3181462000,-1479392000.0,2149328000,677000,24064000000,Quarterly,,434673000,,,,,46393000,21343000,50908000.0,32618000,,-309251000.0,88765000,,,,,0.0,0.0,,,,,73200000,,214187000.0,,Quarterly
2011-04-30,,484503000,962039000,477536000,477536000,154862000,98100000,231524000,329641000,,,,5313000,,1623000.0,,47764000,156485000,21266000,,135219000,,154862000,202626000,Quarterly,,4736744000,3496763000,683633000,683633000,380964000,343202000,1239981000.0,553366000.0,,278761000,278761000,369844000,,,2042908000,2726541000,,1288936000,981166000,346295000,,,,307770000.0,22957000.0,22957000.0,,,22957000.0,634871000,284813000.0,3447808000,-1487079000.0,2284547000,688000,24538960000,Quarterly,,172200000,,,,,47764000,31195000,5820000.0,-35183000,,-252506000.0,98578000,,,,,0.0,0.0,,,,,85300000,,18272000.0,,Quarterly
2011-07-31,,525284000,1016517000,491233000,491233000,174030000,103533000,247721000,351254000,,,,5266000,,3517000.0,,52159000,177547000,25974000,,151573000,,174030000,226189000,Quarterly,,4913614000,3317557000,532614000,532614000,361911000,419944000,1596057000.0,550896000.0,,358136000,358136000,593513000,,,1941882000,2474496000,,1224145000,960299000,297813000,,,,263846000.0,22493000.0,22493000.0,,,22493000.0,662486000,192163000.0,3689469000,-1487093000.0,2436120000,691000,24557360000,Quarterly,,82021000,,,,,52159000,23323000,-63331000.0,33014000,,-273218000.0,40178000,,,,,0.0,0.0,,,,,39499000,,-151019000.0,,Quarterly
2011-10-31,,556717000,1066180000,509463000,509463000,197090000,103100000,256498000,359627000,,,,4356000,,7697000.0,,52387000,204787000,26514000,,178273000,,197090000,249477000,Quarterly,,5089043000,3500071000,566816000,566816000,319602000,371261000,1588972000.0,551757000.0,,342839000,342839000,648053000,,,2181538000,2748354000,,1115593000,886684000,307943000,,,,228909000.0,21949000.0,21949000.0,,,21949000.0,578741000,206960000.0,3973450000,-1496904000.0,2614393000,698000,24542400000,Quarterly,,244417000,,,,,52387000,39035000,48677000.0,41917000,,-289145000.0,78930000,,,,,0.0,0.0,,,,,51700000,,34202000.0,,Quarterly
2012-01-31,,490013000,953194000,463181000,463181000,122317000,100800000,266862000,367696000,,,,1124000,,5349000.0,,51895000,124577000,8552000,,116025000,,140503000,192398000,Quarterly,,5552928000,3905358000,667876000,667876000,340297000,336143000,1647570000.0,560072000.0,,326136000,326136000,641030000,,,2461700000,19465000,,1407204000,929958000,335072000,,,288798000.0,477246000.0,21439000.0,21439000.0,,,310237000.0,35439000,455807000.0,4145724000,-1496904000.0,2730418000,700000,24743960000,Quarterly,,410518000,,,,,51895000,45182000,35070000.0,-20864000,,-328495000.0,19037000,,,,,0.0,0.0,,,,,19400000,,101060000.0,,Quarterly
2012-04-30,,463364000,924877000,461513000,461513000,72826000,106600000,283902000,390538000,,,,5198000,,4269000.0,,54491000,77095000,16658000,,60437000,,72826000,127317000,Quarterly,,5708167000,4032116000,369135000,369135000,342707000,411155000,1676051000.0,553541000.0,,363395000,363395000,641030000,,,2761677000,16624000,,1420739000,947404000,395578000,,,251780000.0,473335000.0,20830000.0,20830000.0,,,272610000.0,27679000,452505000.0,4287428000,-1509088000.0,2790855000,707000,24951440000,Quarterly,,-9208000,,,,,54491000,28923000,-75369000.0,-2191000,,-335054000.0,45521000,,,,,0.0,0.0,,,,,37400000,,-298741000.0,,Quarterly
2012-07-31,,540719000,1044270000,503551000,503551000,139623000,119900000,281193000,401096000,,,,5316000,,5585000.0,,56195000,145208000,26162000,,119046000,,139623000,195818000,Quarterly,,5891881000,4213851000,499618000,499618000,387185000,445312000,1678030000.0,574056000.0,,346938000,346938000,641030000,,,2778482000,19249000,,1438216000,1021960000,417250000,,,300726000.0,416256000.0,20237000.0,20237000.0,,,320963000.0,30802000,396019000.0,4453665000,-1509087000.0,2909901000,713000,24925720000,Quarterly,,200886000,,,,,56195000,61944000,-33849000.0,-44643000,,-84703000.0,14300000,,,,,0.0,0.0,,,,,5300000,,130483000.0,,Quarterly
2012-10-31,,636658000,1204110000,567452000,567452000,252217000,100300000,284180000,384441000,,,,4701000,,1411000.0,,57148000,253628000,44548000,,209080000,,252217000,309365000,Quarterly,,6075144000,4424827000,525388000,525388000,428983000,444944000,1650317000.0,566540000.0,,331248000,331248000,641030000,,,2909384000,32746000,,1352298000,991359000,390265000,,,295026000.0,360939000.0,19627000.0,19627000.0,,,314653000.0,37065000,341312000.0,4722846000,-1522709000.0,3118981000,719000,25153800000,Quarterly,,181485000,,,,,57148000,44684000,210000.0,-41544000,,-182799000.0,27084000,,,,,0.0,0.0,,,,,20100000,,25770000.0,,Quarterly
2013-01-31,,585602000,1106902000,521300000,521300000,183573000,104000000,298007000,402029000,,,,1399000,,5829000.0,,58401000,186108000,12135000,,173973000,,200667000,259068000,Quarterly,,6412245000,4775258000,732786000,732786000,419686000,454252000,1636987000.0,576144000.0,,312332000,312332000,641030000,,,2995097000,35265000,,1584542000,976223000,356428000,,,311030000.0,608319000.0,18998000.0,18998000.0,,,330028000.0,35160000,589321000.0,4827703000,-1622709000.0,3246088000,720000,24880720000,Quarterly,,451009000,,,,,58401000,47758000,-9932000.0,9429000,,-141436000.0,-102175000,,,,,46866000.0,46866000.0,,,,,-100000000,,207398000.0,,Quarterly
2013-04-30,,518568000,954739000,436171000,436171000,82781000,108600000,327161000,435787000,,,,853000,,5281000.0,,59744000,88062000,10171000,,77891000,,88915000,148659000,Quarterly,,6279527000,4606616000,561423000,561423000,377597000,346998000,1672911000.0,588023000.0,,336733000,336733000,641030000,,,3151928000,23036000,,1455343000,925577000,328259000,,,293412000.0,529766000.0,18333000.0,18333000.0,,,311745000.0,34337000,510681000.0,4824184000,-1737025000.0,3277713000,725000,24772080000,Quarterly,,175650000,,,,,59744000,65667000,108476000.0,41510000,,-230786000.0,-116227000,,,,,46267000.0,46267000.0,,,,,-100000000,,-171363000.0,,Quarterly
2013-07-31,,545538000,977238000,431700000,431700000,105534000,108300000,331738000,440004000,,,,836000,,6286000.0,,61840000,111820000,15372000,,96448000,,112656000,174496000,Quarterly,,5569592000,3922608000,591321000,591321000,378280000,418123000,1646984000.0,578948000.0,,322520000,322520000,641030000,,,2344572000,36678000,,1397419000,935791000,310271000,,,317953000.0,461628000.0,17685000.0,17685000.0,,,335638000.0,40315000,443943000.0,4172173000,-2269766000.0,3330815000,726000,23680240000,Quarterly,,96469000,,,,,61840000,84986000,-71205000.0,-6788000,,711818000.0,-778389000,,,,,43343000.0,43343000.0,,,,,-750000000,,29898000.0,,Quarterly
2013-10-31,,584415000,1053967000,469552000,469552000,140988000,103100000,340294000,443427000,,,,819000,,496000.0,,62726000,141484000,22750000,,118734000,,142303000,205029000,Quarterly,,5711373000,4049841000,562084000,562084000,380319000,447631000,1661532000.0,595418000.0,,320589000,320589000,643179000,,,2470870000,40823000,,1390726000,985927000,333283000,,,314562000.0,404799000.0,17015000.0,17015000.0,,,331577000.0,55424000,387784000.0,4320647000,-2499990000.0,3406154000,732000,23550080000,Quarterly,,162315000,,,,,62726000,38159000,-29465000.0,-2544000,,-187373000.0,-4179000,,,,,43397000.0,43397000.0,,,,,33400000,,-29237000.0,,Quarterly
2014-01-31,,619242000,1144218000,524976000,524976000,166924000,115700000,336641000,452318000,,,,7935000,,12407000.0,,54838000,168888000,21971000,,146917000,,191394000,246232000,Quarterly,,7250894000,5624711000,1151587000,1151587000,387765000,426357000,1626183000.0,582740000.0,,296012000,296012000,643179000,,,3520223000,70285000,,2794496000,945496000,324391000,,,308110000.0,1849000000.0,17500000.0,1356375000.0,,,1681985000.0,30590000,475125000.0,4456398000,-2537295000.0,3504742000,732000,23094240000,Quarterly,,400712000,,,,,54838000,66374000,21046000.0,-7527000,,-1099596000.0,1288387000,,,,,48329000.0,48329000.0,,,,,-37304000,,589503000.0,,Quarterly
2014-04-30,,604000000,1103000000,499000000,499000000,151000000,118600000,334000000,453000000,,,,11000000,,23394000.0,,55000000,163000000,26000000,,136516000,,174000000,229000000,Quarterly,,6864663000,5273798000,509165000,509165000,393280000,396438000,1590865000.0,570802000.0,,277530000,277530000,643179000,,,3838652000,71067000,,2697678000,897945000,309008000,,,287927000.0,1799733000.0,16683000.0,1363276000.0,,,1667886000.0,25299000,419774000.0,4166985000,-2926789000.0,3594527000,743000,22816880000,Quarterly,,151000000,,,,,55000000,29000000,28077000.0,-6000000,,-330000000.0,-464000000,,,,,47000000.0,47000000.0,,,,,-500000000,,-642422000.0,,Quarterly
2014-07-31,,619000000,1103000000,484000000,484000000,163000000,119000000,337000000,456000000,,,,12000000,,2972000.0,,56000000,155000000,27000000,,127976000,,167000000,223000000,Quarterly,,6933719000,5377586000,515092000,515092000,387434000,469625000,1556133000.0,556911000.0,,260613000,260613000,643179000,,,3870962000,67776000,,2628933000,868729000,261627000,,,303369000.0,1760204000.0,15842000.0,1370249000.0,,,1689460000.0,26700000,374113000.0,4304786000,-3058149000.0,3675071000,744000,22822880000,Quarterly,,96000000,,,,,56000000,23000000,-73824000.0,7000000,,-64000000.0,-26000000,,,,,47000000.0,47000000.0,,,,,17800000,,5927000.0,,Quarterly
2014-10-31,,676000000,1225000000,549000000,549000000,213000000,123300000,340000000,463000000,,,,11000000,,7297000.0,,55000000,209000000,36000000,,172967000,,220000000,275000000,Quarterly,,6885869000,5341109000,394683000,394683000,408081000,563400000,1544760000.0,566601000.0,,241301000,241301000,643179000,,,3846114000,67333000,,2681276000,933907000,328097000,,,315049000.0,1747369000.0,14977000.0,1377259000.0,,,1707285000.0,32126000,355133000.0,4204593000,-3390985000.0,3801966000,752000,22328040000,Quarterly,,216000000,,,,,55000000,39000000,-92982000.0,-21000000,,-15000000.0,-321000000,,,,,46000000.0,46000000.0,,,,,-310000000,,-120409000.0,,Quarterly
2015-01-31,,699603000,1250514000,550911000,550911000,231136000,105214000,348253000,468467000,,,,11594000,,8317000.0,,53955000,227859000,34731000,,193128000,,239453000,293408000,Quarterly,,7201368000,5713297000,496654000,496654000,482893000,473637000,1488071000.0,557282000.0,,221714000,221714000,618179000,,,4126685000,70174000,,2783386000,896030000,293223000,,,142073000.0,1887356000.0,14086000.0,1398428000.0,1398000000.0,,1540501000.0,167999000,488928000.0,4417982000,-3394585000.0,3948877000,754000,22262920000,Quarterly,,442729000,,,,,53955000,31045000,89405000.0,-75109000,,-318177000.0,-22581000,,,,,46217000.0,46217000.0,,,,,-3600000,,101971000.0,,Quarterly
2015-04-30,,653000000,1151000000,498000000,498000000,176000000,138000000,339000000,477000000,,,,12000000,,8000000.0,,54000000,172000000,38000000,,134000000,,184000000,238000000,Quarterly,,7291000000,5832000000,464000000,464000000,438000000,455000000,1459000000.0,547000000.0,,205000000,205000000,618000000,,,4328000000,89000000,,2735000000,883000000,222000000,,,136000000.0,1852000000.0,13000000.0,1404000000.0,,,1540000000.0,148000000,448000000.0,4556000000,-3476000000.0,4037000000,1000000,22720000000,Quarterly,,246000000,,,,,54000000,30000000,18000000.0,45000000,,-235000000.0,-44000000,,,,,46000000.0,46000000.0,,,,,-53000000,,-33000000.0,,Quarterly
2015-07-31,,634000000,1153000000,519000000,519000000,76000000,149000000,320000000,558000000,,,,12000000,,8000000.0,,49000000,72000000,46000000,,26000000,,84000000,133000000,Quarterly,,6979000000,5608000000,435000000,435000000,441000000,514000000,1371000000.0,497000000.0,,190000000,190000000,618000000,,,4070000000,89000000,,2794000000,936000000,277000000,,,192000000.0,1858000000.0,12000000.0,1411000000.0,,,1603000000.0,146000000,447000000.0,4185000000,-3765000000.0,4010000000,1000000,22240000000,Quarterly,,163000000,,,,,49000000,24000000,-59000000.0,-3000000,,247000000.0,-439000000,,,,,53000000.0,53000000.0,,,,,-399000000,,-29000000.0,,Quarterly
2015-10-31,,734000000,1305000000,571000000,571000000,245000000,152000000,329000000,489000000,,,,12000000,,12000000.0,,48000000,245000000,-1000000,,246000000,,257000000,305000000,Quarterly,,7174000000,5834000000,471000000,471000000,425000000,536000000,1340000000.0,477000000.0,,172000000,172000000,618000000,,,4257000000,93000000,,2709000000,855000000,295000000,,,163000000.0,1854000000.0,11000000.0,1406000000.0,,,1580000000.0,168000000,437000000.0,4465000000,-3912000000.0,4204000000,1000000,22600000000,Quarterly,,255000000,,,,,48000000,17000000,-22000000.0,17000000,,-199000000.0,-20000000,,,,,53000000.0,53000000.0,,,,,35000000,,36000000.0,,Quarterly
2016-01-31,,791000000,1401000000,610000000,610000000,252000000,131000000,344000000,539000000,,,,12000000,,15000000.0,,46000000,254000000,46000000,,208000000,,266000000,312000000,Quarterly,,7370000000,6053000000,596000000,596000000,418000000,505000000,1317000000.0,466000000.0,,166000000,166000000,618000000,,,4441000000,93000000,,2901000000,2438000000,296000000,,,1500000000.0,463000000.0,10000000.0,10000000.0,1413000000.0,,1510000000.0,320000000,453000000.0,4469000000,-4048000000.0,4350000000,1000000,23720000000,Quarterly,,511000000,,,,,46000000,15000000,31000000.0,7000000,,-213000000.0,-173000000,,,,,61000000.0,61000000.0,,,,,-135000000,,125000000.0,,Quarterly
2016-04-30,,751000000,1305000000,554000000,554000000,245000000,159000000,346000000,506000000,,,,12000000,,8000000.0,,45000000,241000000,33000000,,196000000,,253000000,298000000,Quarterly,,7108000000,5790000000,547000000,547000000,394000000,523000000,1318000000.0,479000000.0,,155000000,155000000,618000000,,,4207000000,119000000,,2912000000,2456000000,320000000,,,1500000000.0,456000000.0,9000000.0,9000000.0,1421000000.0,,1509000000.0,286000000,447000000.0,4196000000,-4508000000.0,4484000000,1000000,23880000000,Quarterly,,319000000,,,,,45000000,55000000,-17000000.0,23000000,,176000000.0,-544000000,,,,,62000000.0,62000000.0,,,,,-500000000,,-49000000.0,,Quarterly
2016-07-31,,826000000,1428000000,602000000,602000000,317000000,157000000,350000000,509000000,,,,12000000,,12000000.0,,47000000,317000000,56000000,,253000000,,329000000,376000000,Quarterly,,7461000000,6156000000,426000000,426000000,521000000,644000000,1305000000.0,485000000.0,,138000000,138000000,618000000,,,4453000000,112000000,,2981000000,2479000000,423000000,,,1500000000.0,502000000.0,8000000.0,8000000.0,1428000000.0,,1508000000.0,305000000,494000000.0,4480000000,-4608000000.0,4675000000,1000000,25240000000,Quarterly,,200000000,,,,,47000000,32000000,-121000000.0,-127000000,,-269000000.0,-52000000,,,,,62000000.0,62000000.0,,,,,-9000000,,-121000000.0,,Quarterly
2016-10-31,,1183000000,2004000000,821000000,821000000,639000000,171000000,373000000,544000000,,,,16000000,,-2000000.0,,48000000,621000000,79000000,,542000000,,637000000,685000000,Quarterly,,9612000000,8307000000,1940000000,1940000000,679000000,833000000,1305000000.0,503000000.0,,120000000,120000000,618000000,,,4731000000,124000000,,4288000000,2086000000,523000000,,,1056000000.0,2202000000.0,7000000.0,1982000000.0,1011000000.0,,3045000000.0,337000000,213000000.0,5324000000,-4783000000.0,5529000000,1000000,26120000000,Quarterly,,432000000,,,,,48000000,38000000,-190000000.0,-157000000,,-327000000.0,1409000000,,,,,61000000.0,61000000.0,,,,,-29000000,,1514000000.0,,Quarterly
2017-01-31,,1303000000,2173000000,870000000,870000000,733000000,176000000,394000000,570000000,,,,19000000,,11000000.0,,47000000,725000000,71000000,,675000000,,744000000,791000000,Quarterly,,9841000000,8536000000,1766000000,1766000000,794000000,826000000,1305000000.0,521000000.0,,104000000,104000000,618000000,,,5032000000,118000000,,4079000000,1819000000,485000000,,,827000000.0,2260000000.0,6000000.0,1983000000.0,796000000.0,,2816000000.0,422000000,271000000.0,5762000000,-5039000000.0,6108000000,1000000,26400000000,Quarterly,,721000000,,,,,47000000,51000000,7000000.0,-114000000,,-373000000.0,-522000000,,,,,76000000.0,76000000.0,,,,,-230000000,,-174000000.0,,Quarterly
2017-04-30,,1150000000,1937000000,787000000,787000000,554000000,185000000,411000000,596000000,,,,16000000,,-2000000.0,,47000000,536000000,29000000,,507000000,,552000000,599000000,Quarterly,,9410000000,8116000000,1989000000,1989000000,821000000,976000000,1294000000.0,539000000.0,,90000000,90000000,618000000,,,4217000000,113000000,,3278000000,990000000,348000000,,,222000000.0,2288000000.0,4000000.0,1984000000.0,215000000.0,,2210000000.0,374000000,300000000.0,6132000000,-5297000000.0,6506000000,1000000,25640000000,Quarterly,,282000000,,,,,47000000,54000000,-150000000.0,-27000000,,754000000.0,-813000000,,,,,82000000.0,82000000.0,,,,,-190000000,,223000000.0,,Quarterly
2017-07-31,,1302000000,2230000000,928000000,928000000,688000000,198000000,416000000,614000000,,,,15000000,,11000000.0,,49000000,684000000,101000000,,583000000,,699000000,748000000,Quarterly,,9402000000,8070000000,1988000000,1988000000,855000000,1213000000,1332000000.0,578000000.0,,76000000,76000000,618000000,,,3889000000,125000000,,3429000000,1034000000,431000000,,,86000000.0,2395000000.0,3000000.0,1984000000.0,2076000000.0,,2073000000.0,443000000,408000000.0,5973000000,-6070000000.0,7006000000,1000000,25320000000,Quarterly,,705000000,,,,,49000000,54000000,-237000000.0,-34000000,,262000000.0,-968000000,,,,,84000000.0,84000000.0,,,,,-758000000,,-1000000.0,,Quarterly
2017-10-31,,1569000000,2636000000,1067000000,1067000000,895000000,212000000,462000000,674000000,,,,15000000,,16000000.0,,49000000,896000000,58000000,,838000000,,911000000,960000000,Quarterly,,9830000000,8479000000,2802000000,2802000000,857000000,1167000000,1351000000.0,600000000.0,,63000000,63000000,618000000,,,3518000000,135000000,,3478000000,1028000000,511000000,,,24000000.0,2450000000.0,1000000.0,1985000000.0,23000000.0,,2010000000.0,428000000,464000000.0,6352000000,-6614000000.0,7760000000,1000000,25120000000,Quarterly,,1157000000,,,,,49000000,69000000,45000000.0,-35000000,,286000000.0,-629000000,,,,,84000000.0,84000000.0,,,,,-151000000,,814000000.0,,Quarterly
2018-01-31,,1801000000,2911000000,1110000000,1110000000,1073000000,221000000,507000000,728000000,,,,15000000,,22000000.0,,54000000,1079000000,-40000000,,1119000000,,1094000000,1148000000,Quarterly,,11241000000,9255000000,4002000000,4002000000,796000000,1265000000,1986000000.0,997000000.0,,52000000,52000000,618000000,,,3106000000,86000000,,3770000000,1153000000,596000000,,,15000000.0,2617000000.0,,1985000000.0,15000000.0,,2000000000.0,489000000,632000000.0,7471000000,-6650000000.0,8787000000,1000000,25120000000,Quarterly,,1358000000,,,,,54000000,416000000,-98000000.0,61000000,,-24000000.0,-134000000,,,,,91000000.0,91000000.0,,,,,-35000000,,1200000000.0,,Quarterly
2018-04-30,,2068000000,3207000000,1139000000,1139000000,1295000000,231000000,542000000,773000000,,,,15000000,,31000000.0,,57000000,1311000000,67000000,,1244000000,,1326000000,1383000000,Quarterly,,11460000000,9448000000,765000000,765000000,797000000,1220000000,2012000000.0,1066000000.0,,55000000,55000000,618000000,,,6535000000,131000000,,3743000000,1106000000,623000000,,,14000000.0,2637000000.0,,1986000000.0,14000000.0,,2000000000.0,413000000,651000000.0,7717000000,-7755000000.0,9948000000,1000000,25080000000,Quarterly,,1445000000,,,,,57000000,118000000,56000000.0,-2000000,,-3551000000.0,-1131000000,,,,,91000000.0,91000000.0,,,,,-655000000,,-3237000000.0,,Quarterly
2018-07-31,,1975000000,3123000000,1148000000,1148000000,1157000000,237000000,581000000,818000000,,,,14000000,,37000000.0,,59000000,1180000000,79000000,,1101000000,,1194000000,1253000000,Quarterly,,12882000000,10831000000,718000000,718000000,1090000000,1662000000,2051000000.0,1162000000.0,,51000000,51000000,618000000,,,7225000000,136000000,,4087000000,1462000000,800000000,,,14000000.0,2625000000.0,,1987000000.0,14000000.0,,2001000000.0,571000000,638000000.0,8795000000,-7821000000.0,10957000000,1000000,25040000000,Quarterly,,913000000,,,,,59000000,129000000,-442000000.0,-293000000,,-805000000.0,-155000000,,,,,91000000.0,91000000.0,,,,,-66000000,,-47000000.0,,Quarterly
2018-10-31,,1921000000,3181000000,1260000000,1260000000,1058000000,258000000,605000000,863000000,,,,15000000,,38000000.0,,68000000,1081000000,-149000000,,1230000000,,1096000000,1164000000,Quarterly,,13657000000,11386000000,721000000,721000000,1417000000,2219000000,2271000000.0,1292000000.0,,49000000,49000000,618000000,,,6870000000,159000000,,4182000000,1608000000,902000000,,,3000000.0,2574000000.0,,1987000000.0,3000000.0,,1990000000.0,623000000,587000000.0,9475000000,-8489000000.0,12096000000,1000000,25000000000,Quarterly,,487000000,,,,,68000000,150000000,-557000000.0,-325000000,,219000000.0,-703000000,,,,,91000000.0,91000000.0,,,,,-200000000,,3000000.0,,Quarterly
2019-01-31,,1207000000,2205000000,998000000,998000000,294000000,266000000,647000000,913000000,,,,14000000,,44000000.0,,78000000,324000000,-242000000,,566000000,,338000000,416000000,Quarterly,,13292000000,10557000000,782000000,782000000,1575000000,1424000000,2735000000.0,1404000000.0,,45000000,45000000,618000000,,,6640000000,136000000,,3950000000,1329000000,511000000,,,665000000.0,2621000000.0,,1988000000.0,,,2653000000.0,61000000,633000000.0,9342000000,-9263000000.0,12565000000,1000000,24760000000,Quarterly,,898000000,,,,,78000000,203000000,794000000.0,-156000000,,40000000.0,-877000000,,,,,98000000.0,98000000.0,,,,,-724000000,,61000000.0,,Quarterly
2019-04-30,,1296000000,2220000000,924000000,924000000,358000000,264000000,674000000,938000000,,31000000.0,44000000.0,13000000,,44000000.0,,91000000,389000000,-5000000,,394000000,,402000000,493000000,Quarterly,,14021000000,10629000000,2772000000,2772000000,1426000000,1242000000,3392000000.0,1473000000.0,,54000000,54000000,618000000,,,5030000000,159000000,,4317000000,1183000000,368000000,,,80000000.0,3134000000.0,566000000.0,1988000000.0,80000000.0,,2554000000.0,650000000,1146000000.0,9704000000,-9474000000.0,12862000000,1000000,24640000000,Quarterly,,720000000,,,,,91000000,128000000,182000000.0,153000000,,1495000000.0,-225000000,,,,,97000000.0,97000000.0,,,,,-211000000,,1990000000.0,,Quarterly
2019-07-31,,1541000000,2579000000,1038000000,1038000000,571000000,266000000,704000000,970000000,,34000000.0,47000000.0,13000000,,48000000.0,,92000000,606000000,54000000,,552000000,,619000000,711000000,Quarterly,,14775000000,11391000000,7105000000,7105000000,1204000000,1561000000,3384000000.0,2019000000.0,,49000000,49000000,618000000,,,1370000000,151000000,,4439000000,1317000000,437000000,,,84000000.0,3122000000.0,567000000.0,1989000000.0,,,2556000000.0,669000000,24000000.0,10336000000,-9524000000.0,13317000000,1000000,24640000000,Quarterly,,936000000,,,,,92000000,113000000,-319000000.0,225000000,,3545000000.0,-148000000,,,,,98000000.0,98000000.0,,,,,-50000000,,4333000000.0,,Quarterly
2019-10-31,,1916000000,3014000000,1098000000,1098000000,927000000,277000000,712000000,989000000,,32000000.0,45000000.0,13000000,,45000000.0,,92000000,959000000,60000000,,899000000,,972000000,1064000000,Quarterly,,15810000000,12420000000,9765000000,9765000000,1047000000,1455000000,3390000000.0,2044000000.0,,43000000,43000000,618000000,,,4000000,149000000,,4596000000,1475000000,591000000,,,89000000.0,3121000000.0,558000000.0,1990000000.0,,,2548000000.0,676000000,25000000.0,11214000000,-9726000000.0,14118000000,1000000,24720000000,Quarterly,,1640000000,,,,,92000000,103000000,105000000.0,153000000,,1256000000.0,-236000000,,,,,97000000.0,97000000.0,,,,,-202000000,,2660000000.0,,Quarterly
2020-01-31,,2015000000,3105000000,1090000000,1090000000,990000000,287000000,738000000,1025000000,,28000000.0,41000000.0,13000000,,39000000.0,,106000000,1016000000,65000000,,951000000,,1029000000,1135000000,Quarterly,,17315000000,13690000000,10896000000,10896000000,979000000,1657000000,3625000000.0,1674000000.0,,49000000,49000000,618000000,,,1000000,157000000,,5111000000,1784000000,687000000,,,91000000.0,3327000000.0,652000000.0,1991000000.0,,,2552000000.0,865000000,1336000000.0,12204000000,-9814000000.0,14971000000,1000000,24840000000,Quarterly,,1465000000,,,,,106000000,145000000,-201000000.0,66000000,,-151000000.0,-183000000,,,,,98000000.0,98000000.0,,,,,-88000000,,1131000000.0,,Quarterly
2020-04-30,,2004000000,3080000000,1076000000,1076000000,976000000,293000000,735000000,1028000000,,6000000.0,31000000.0,25000000,,30000000.0,,107000000,981000000,64000000,,917000000,,1006000000,1113000000,Quarterly,,23254000000,19584000000,15494000000,15494000000,1128000000,1907000000,3670000000.0,1715000000.0,,80000000,80000000,628000000,,,860000000,195000000,,10155000000,1903000000,761000000,,,100000000.0,8252000000.0,619000000.0,6959000000.0,,,7578000000.0,868000000,1293000000.0,13099000000,-10036000000.0,15790000000,1000000,24880000000,Quarterly,,909000000,,,,,107000000,155000000,-249000000.0,-151000000,,-1055000000.0,4744000000,,,,,98000000.0,98000000.0,,,,,-222000000,,4598000000.0,,Quarterly
2020-07-31,,2275000000,3866000000,1591000000,1591000000,651000000,627000000,997000000,1624000000,,-41000000.0,13000000.0,54000000,,12000000.0,,404000000,609000000,-13000000,,622000000,,663000000,1067000000,Quarterly,,25180000000,14681000000,3274000000,3274000000,1401000000,2084000000,10499000000.0,2665000000.0,,2854000000,2854000000,4193000000,,,7707000000,215000000,,11266000000,2410000000,893000000,,,124000000.0,8856000000.0,735000000.0,6960000000.0,,,7695000000.0,1171000000,43000000.0,13914000000,-10232000000.0,16313000000,1000000,25040000000,Quarterly,,1567000000,,,,,404000000,217000000,44000000.0,54000000,,-13490000000.0,-297000000,,,,,99000000.0,99000000.0,,,,,-196000000,,-12220000000.0,,Quarterly
2020-10-31,,2960000000,4726000000,1766000000,1766000000,1398000000,515000000,1047000000,1562000000,,-46000000.0,7000000.0,53000000,,3000000.0,,299000000,1348000000,12000000,,1336000000,,1401000000,1700000000,Quarterly,,26881000000,14393000000,2251000000,2251000000,1495000000,2546000000,12488000000.0,2059000000.0,,2861000000,2861000000,4193000000,,106000000.0,7888000000,213000000,,11547000000,3669000000,1097000000,,,998000000.0,7878000000.0,720000000.0,5963000000.0,998000000.0,,7565000000.0,1339000000,1915000000.0,15334000000,-10530000000.0,17550000000,1000000,25200000000,Quarterly,,1279000000,,,,,299000000,473000000,-462000000.0,-93000000,,-2001000000.0,-301000000,,,,,99000000.0,99000000.0,,,,,-298000000,,-1023000000.0,,Quarterly
2021-01-31,,3156000000,5003000000,1847000000,1847000000,1507000000,503000000,1146000000,1649000000,,-47000000.0,6000000.0,53000000,,16000000.0,,288000000,1470000000,13000000,,1457000000,,1523000000,1811000000,Quarterly,,28791000000,16055000000,847000000,847000000,1826000000,2429000000,12736000000.0,2149000000.0,,2737000000,2737000000,4193000000,,144000000.0,10714000000,239000000,,11898000000,3925000000,1201000000,,,999000000.0,7973000000.0,634000000.0,5964000000.0,999000000.0,,7597000000.0,1437000000,2009000000.0,16893000000,-10756000000.0,18908000000,1000000,25240000000,Quarterly,,2067000000,,,,,288000000,283000000,117000000.0,-334000000,,-3129000000.0,-342000000,,,,,99000000.0,99000000.0,,,,,-226000000,,-1404000000.0,,Quarterly
2021-04-30,,3629000000,5661000000,2032000000,2032000000,1956000000,520000000,1153000000,1673000000,,-47000000.0,6000000.0,53000000,,141000000.0,,281000000,2044000000,132000000,,1912000000,,2097000000,2378000000,Quarterly,,30796000000,18127000000,978000000,978000000,1992000000,3024000000,12669000000.0,2268000000.0,,2613000000,2613000000,4193000000,,146000000.0,11689000000,132000000,,12022000000,4004000000,1218000000,,,1134000000.0,8018000000.0,775000000.0,5964000000.0,999000000.0,,7738000000.0,1319000000,2054000000.0,18774000000,-11242000000.0,20721000000,1000000,25280000000,Quarterly,,1874000000,,,,,281000000,298000000,-595000000.0,-159000000,,-1272000000.0,-471000000,,,,,99000000.0,99000000.0,,,,,-477000000,,131000000.0,,Quarterly
2021-07-31,,4215000000,6507000000,2292000000,2292000000,2444000000,526000000,1245000000,1771000000,,-54000000.0,6000000.0,60000000,,10000000.0,,286000000,2394000000,20000000,,2374000000,,2454000000,2740000000,Quarterly,,38650000000,25806000000,5628000000,5628000000,2114000000,3586000000,12844000000.0,3165000000.0,,2478000000,2478000000,4193000000,,147000000.0,14026000000,129000000,,17503000000,4448000000,1474000000,,,1000000000.0,13055000000.0,716000000.0,10943000000.0,1000000000.0,,12659000000.0,1673000000,1396000000.0,21147000000,-11604000000.0,22995000000,3000000,25320000000,Quarterly,,2682000000,,,,,286000000,183000000,-562000000.0,-123000000,,-2533000000.0,4501000000,,,,,99000000.0,99000000.0,,,,,-366000000,,4650000000.0,,Quarterly
2021-10-31,,4631000000,7103000000,2472000000,2472000000,2671000000,557000000,1403000000,1960000000,,-55000000.0,7000000.0,62000000,,29000000.0,,298000000,2638000000,174000000,,2464000000,,2700000000,2998000000,Quarterly,,40632000000,25806000000,1288000000,1288000000,2233000000,3954000000,14826000000.0,3339000000.0,,2454000000,2454000000,4302000000,,308000000.0,18010000000,321000000,,16834000000,3612000000,1664000000,,,140000000.0,13222000000.0,743000000.0,10944000000.0,,,11687000000.0,1510000000,1535000000.0,23798000000,-12038000000.0,25359000000,3000000,25380000000,Quarterly,,1519000000,,,,,298000000,222000000,-366000000.0,-118000000,,-4439000000.0,-1420000000,,,,,100000000.0,100000000.0,,,,,-439000000,,-4340000000.0,,Quarterly
2022-01-31,,4999000000,7643000000,2644000000,2644000000,2970000000,563000000,1466000000,2029000000,,-52000000.0,9000000.0,61000000,,-44000000.0,,309000000,2865000000,-138000000,,3003000000,,2926000000,3235000000,Quarterly,,44187000000,28829000000,1990000000,1990000000,2605000000,4650000000,15358000000.0,3607000000.0,,2339000000,2339000000,4349000000,,266000000.0,19218000000,366000000,,17575000000,4335000000,1783000000,,,1409000000.0,13240000000.0,741000000.0,10946000000.0,,,12355000000.0,843000000,1553000000.0,26612000000,,16235000000,3000000,25450000000,Quarterly,,3033000000,,,,,309000000,273000000,-692000000.0,-374000000,,-1586000000.0,-745000000,,,,,101000000.0,101000000.0,,,,,-622000000,,702000000.0,,Quarterly
2022-04-30,,5431000000,8288000000,2857000000,2857000000,1868000000,592000000,1618000000,3563000000,,-50000000.0,18000000.0,68000000,,5000000.0,,334000000,1805000000,187000000,,1618000000,,1873000000,2207000000,Quarterly,,45212000000,29575000000,3887000000,3887000000,3163000000,5438000000,15637000000.0,2916000000.0,,2211000000,2211000000,4365000000,,285000000.0,16451000000,636000000,,18892000000,5562000000,1999000000,,,,13330000000.0,752000000.0,10947000000.0,,,11699000000.0,3229000000,2383000000.0,26320000000,,15758000000,3000000,25370000000,Quarterly,,1731000000,,,,,334000000,361000000,-788000000.0,-560000000,,2612000000.0,-2446000000,,,,,100000000.0,100000000.0,,,,,-1996000000,,1897000000.0,,Quarterly
2022-07-31,,2915000000,6704000000,3789000000,3789000000,499000000,592000000,1824000000,2416000000,,-19000000.0,46000000.0,65000000,,,,378000000,475000000,-181000000,,656000000,,540000000,918000000,Quarterly,,43476000000,27418000000,3013000000,3013000000,3889000000,5317000000,16058000000.0,4085000000.0,,2036000000,2036000000,4372000000,,307000000.0,14024000000,1175000000,,19625000000,7573000000,2421000000,,,1249000000.0,12052000000.0,743000000.0,9700000000.0,1249000000.0,,11692000000.0,3544000000,1609000000.0,23851000000,,12971000000,2000000,25160000000,Quarterly,,1270000000,,,,,378000000,433000000,,-725000000,,1618000000.0,-3762000000,,,,,100000000.0,100000000.0,,,,,-3345000000,,,,Quarterly
2022-10-31,,3177000000,5931000000,2754000000,2754000000,601000000,631000000,1945000000,2576000000,,23000000.0,88000000.0,65000000,,77000000.0,,406000000,613000000,-67000000,,680000000,,678000000,1084000000,Quarterly,,40488000000,23223000000,2800000000,2800000000,4454000000,4908000000,17265000000.0,4701000000.0,,1850000000,1850000000,4372000000,,314000000.0,10343000000,718000000,,19139000000,6855000000,1491000000,,,1249000000.0,12284000000.0,798000000.0,9701000000.0,1249000000.0,,11748000000.0,3777000000,1785000000.0,21349000000,,9905000000,2000000,24990000000,Quarterly,,392000000,,,,,406000000,530000000,,-563000000,,3148000000.0,-3753000000,,,,,100000000.0,100000000.0,,,,,-3485000000,,,,Quarterly
2023-01-31,,3833000000,6051000000,2218000000,2218000000,1256000000,625000000,1952000000,2577000000,,50000000.0,115000000.0,64000000,,,,426000000,1288000000,-126000000,,1414000000,,1352000000,1778000000,Quarterly,,41182000000,23073000000,3389000000,3389000000,5159000000,3827000000,18109000000.0,3807000000.0,,1676000000,1676000000,4372000000,,299000000.0,9907000000,791000000,,19081000000,6563000000,1193000000,,,1250000000.0,12518000000.0,902000000.0,9703000000.0,1250000000.0,,11855000000.0,3766000000,1913000000.0,22101000000,,10171000000,2000000,24770000000,Quarterly,,2249000000,,,,,426000000,509000000,,-706000000,,-3000000.0,-1656000000,,,,,98000000.0,98000000.0,,,,,-1212000000,,,,Quarterly
2023-04-30,,4648000000,7192000000,2544000000,2544000000,2140000000,633000000,1875000000,2508000000,,84000000.0,150000000.0,66000000,,135000000.0,,384000000,2209000000,166000000,,2043000000,,2275000000,2659000000,Quarterly,,44460000000,24883000000,5079000000,5079000000,4611000000,4080000000,19577000000.0,3740000000.0,,1541000000,1541000000,4430000000,,505000000.0,10241000000,872000000,,19940000000,7260000000,1141000000,,,1437000000.0,12680000000.0,939000000.0,9704000000.0,1250000000.0,,12080000000.0,4315000000,2037000000.0,24520000000,,12115000000,2000000,24900000000,Quarterly,,2911000000,,,,,384000000,248000000,-252000000.0,566000000,,-841000000.0,-380000000,,,,,99000000.0,99000000.0,,,,,-507000000,,1690000000.0,,Quarterly
2023-07-31,,9462000000,13507000000,4045000000,4045000000,6800000000,622000000,2040000000,2662000000,,122000000.0,187000000.0,65000000,,246000000.0,,365000000,6981000000,793000000,,6188000000,,7046000000,7411000000,Quarterly,,49555000000,28797000000,5783000000,5783000000,4319000000,7066000000,20758000000.0,3799000000.0,,1395000000,1395000000,4430000000,,800000000.0,10240000000,1389000000,,22054000000,10334000000,1929000000,,,1457000000.0,11720000000.0,1041000000.0,8456000000.0,1249000000.0,,10954000000.0,6527000000,2223000000.0,27501000000,,14921000000,2000000,24990000000,Quarterly,,6348000000,,,,,365000000,289000000,-2987000000.0,296000000,,-446000000.0,-5098000000,,,,,99000000.0,99000000.0,,,,,-3067000000,,803000000.0,,Quarterly
2023-10-31,,13400000000,18120000000,4720000000,4720000000,10417000000,689000000,2294000000,2983000000,,171000000.0,234000000.0,63000000,,,,372000000,10522000000,1279000000,,9243000000,,10585000000,10957000000,Quarterly,,54148000000,32658000000,5519000000,5519000000,4779000000,8309000000,21490000000.0,,,1251000000,1251000000,4430000000,,1172000000.0,12762000000,1289000000,,20883000000,9101000000,2380000000,,,1479000000.0,11782000000.0,1321000000.0,8457000000.0,1249000000.0,,11027000000.0,4729000000,66000000.0,33265000000,,20360000000,2000000,24940000000,Quarterly,,7332000000,,,,,372000000,278000000,,-457000000,,-3170000000.0,-4526000000,,,,,98000000.0,98000000.0,,,,,-3807000000,,,,Quarterly
2024-01-31,,16791000000,22103000000,5312000000,5312000000,13614000000,712000000,2465000000,3177000000,,231000000.0,294000000.0,63000000,,,,387000000,14106000000,1821000000,,12285000000,,14169000000,14556000000,Quarterly,,65728000000,44345000000,7280000000,7280000000,5282000000,9999000000,21383000000.0,,,1112000000,1112000000,4430000000,,1546000000.0,18704000000,3080000000,,22750000000,10631000000,2699000000,,,1478000000.0,12119000000.0,1347000000.0,8459000000.0,1250000000.0,,11056000000.0,5690000000,65000000.0,42978000000,,29817000000,2000000,24900000000,Quarterly,,11499000000,,,,,387000000,254000000,,-503000000,,-6109000000.0,-3629000000,,,,,99000000.0,99000000.0,,,,,-2659000000,,,,Quarterly
2024-04-30,,20406000000,26044000000,5638000000,5638000000,16909000000,777000000,2720000000,3497000000,,295000000.0,359000000.0,64000000,,,,410000000,17279000000,2398000000,,14881000000,,17343000000,17753000000,Quarterly,,77072000000,53729000000,7587000000,7587000000,5864000000,12365000000,23343000000.0,,,986000000,986000000,4453000000,,1750000000.0,23851000000,4062000000,,27930000000,15223000000,2715000000,,,1250000000.0,12707000000.0,1527000000.0,8460000000.0,1250000000.0,,10991000000.0,10413000000,66000000.0,49142000000,,36598000000,2000000,24890000000,Quarterly,,15345000000,,,,,410000000,369000000,,-577000000,,-5693000000.0,-9345000000,,,,,98000000.0,98000000.0,,,,,-7740000000,,,,Quarterly
2024-07-31,,22574000000,30040000000,7466000000,7466000000,18642000000,842000000,3090000000,3932000000,,383000000.0,444000000.0,61000000,,,,433000000,19214000000,2615000000,,16599000000,,19275000000,19708000000,Quarterly,,85227000000,59633000000,8563000000,8563000000,6675000000,14132000000,25594000000.0,,,952000000,952000000,4622000000,,1819000000.0,26237000000,4026000000,,27070000000,13969000000,3680000000,,,250000000.0,13101000000.0,1554000000.0,8461000000.0,,,10015000000.0,7918000000,196000000.0,58157000000,,45961000000,25000000,24848000000,Quarterly,,14488000000,,,,,433000000,977000000,,-803000000,,-3184000000.0,-10320000000,,,,,246000000.0,246000000.0,,,,,-7158000000,,,,Quarterly
2024-10-31,,26156000000,35082000000,8926000000,8926000000,21869000000,897000000,3390000000,4287000000,,411000000.0,472000000.0,61000000,,,,478000000,22316000000,3007000000,,19309000000,,22377000000,22855000000,Quarterly,,96013000000,67640000000,9107000000,9107000000,7654000000,17693000000,28373000000.0,,,838000000,838000000,4724000000,,2237000000.0,29380000000,3806000000,,30114000000,16479000000,5353000000,,,273000000.0,13635000000.0,1763000000.0,8462000000.0,,,10225000000.0,8745000000,115000000.0,65899000000,,53950000000,25000000,24774000000,Quarterly,,17627000000,,,,,478000000,813000000,,-977000000,,-4346000000.0,-12745000000,,,,,245000000.0,245000000.0,,,,,-10997000000,,,,Quarterly
2025-01-31,,28723000000,39331000000,10608000000,10608000000,24034000000,975000000,3714000000,4689000000,,450000000.0,511000000.0,61000000,,,,543000000,25217000000,3126000000,,22091000000,,25278000000,25821000000,Quarterly,,111601000000,80126000000,8589000000,8589000000,10080000000,23065000000,31475000000.0,,,807000000,807000000,5188000000,,3387000000.0,34621000000,3771000000,,32274000000,18047000000,6310000000,,,288000000.0,14227000000.0,1807000000.0,8463000000.0,,,10270000000.0,10612000000,79000000.0,79327000000,,68038000000,24000000,24706000000,Quarterly,,16629000000,,,,,543000000,1077000000,,-2424000000,,-7198000000.0,-9949000000,,,,,245000000.0,245000000.0,,,,,-7811000000,,,,Quarterly
2025-04-30,,26668000000,44062000000,17394000000,17394000000,21638000000,1041000000,3989000000,5030000000,,452000000.0,515000000.0,63000000,,,,611000000,21910000000,3135000000,,18775000000,,21973000000,22584000000,Quarterly,,125254000000,89935000000,15234000000,15234000000,11333000000,22132000000,35319000000.0,,,769000000,769000000,5498000000,,3240000000.0,37457000000,3779000000,,41411000000,26542000000,7331000000,,,300000000.0,14869000000.0,1821000000.0,8464000000.0,,,10285000000.0,17837000000,177000000.0,83843000000,,72158000000,24000000,24611000000,Quarterly,,27414000000,,,,,611000000,1227000000,,-1258000000,,-5216000000.0,-15553000000,,,,,244000000.0,244000000.0,,,,,-14095000000,,,,Quarterly
